<?xml version="1.0" encoding="UTF-8"?><record xmlns="http://www.loc.gov/MARC21/slim" xmlns:cinclude="http://apache.org/cocoon/include/1.0" xmlns:zs="http://www.loc.gov/zing/srw/">
  <leader>00438nz  a2200121n  4500</leader>
  <controlfield tag="001">n 2007162346</controlfield>
  <controlfield tag="003">DLC</controlfield>
  <controlfield tag="005">20070626075012.0</controlfield>
  <controlfield tag="008">070625n| acannaabn           n aaa      </controlfield>
  <datafield tag="010" ind1=" " ind2=" ">
    <subfield code="a">n 2007162346</subfield>
  </datafield>
  <datafield tag="040" ind1=" " ind2=" ">
    <subfield code="a">DLC</subfield>
    <subfield code="b">eng</subfield>
    <subfield code="c">DLC</subfield>
  </datafield>
  <datafield tag="100" ind1="1" ind2=" ">
    <subfield code="a">Weideman, Robert R.,</subfield>
    <subfield code="d">1908-1989</subfield>
  </datafield>
  <datafield tag="670" ind1=" " ind2=" ">
    <subfield code="a">NUCMC data from Nevada Historical Society for His Papers, circa 1926-1955</subfield>
    <subfield code="b">(Robert R. Weideman, 1908-1989; mining engineer active in Nevada and other western states)</subfield>
  </datafield>
</record>